@article{morgan1942atlas,
  title={An atlas of stellar spectra},
  author={Morgan, WW and Keenan, Philip C and Kellman, Edith},
  journal={University of Chicago},
  year={1942}
}

@article{duan2009automated,
  title={Automated spectral classification using template matching},
  author={Duan, Fu-Qing and Liu, Rong and Guo, Ping and Zhou, Ming-Quan and Wu, Fu-Chao},
  journal={Research in Astronomy and Astrophysics},
  volume={9},
  number={3},
  pages={341},
  year={2009},
  publisher={IOP Publishing}
}

@misc{van1995python,
  title={Python tutorial},
  author={Van Rossum, Guido and Drake Jr, Fred L},
  year={1995},
  publisher={Centrum voor Wiskunde en Informatica Amsterdam, The Netherlands}
}

@article{hunter2007matplotlib,
  title={Matplotlib: A 2D graphics environment},
  author={Hunter, John D},
  journal={Computing in science \& engineering},
  volume={9},
  number={03},
  pages={90--95},
  year={2007},
  publisher={IEEE Computer Society}
}

@article{pedregosa2011scikit,
  title={Scikit-learn: Machine learning in Python},
  author={Pedregosa, Fabian and Varoquaux, Ga{\"e}l and Gramfort, Alexandre and Michel, Vincent and Thirion, Bertrand and Grisel, Olivier and Blondel, Mathieu and Prettenhofer, Peter and Weiss, Ron and Dubourg, Vincent and others},
  journal={the Journal of machine Learning research},
  volume={12},
  pages={2825--2830},
  year={2011},
  publisher={JMLR. org}
}

@inproceedings{mckinney2010data,
  title={Data structures for statistical computing in Python.},
  author={McKinney, Wes and others},
  booktitle={SciPy},
  volume={445},
  number={1},
  pages={51--56},
  year={2010}
}

@article{ledrew2001real,
  title={The real starry sky},
  author={Ledrew, Glenn},
  journal={Journal of the Royal Astronomical Society of Canada, Vol. 95, p. 32},
  volume={95},
  pages={32},
  year={2001}
}

@article{kent1994sloan,
  title={Sloan digital sky survey},
  author={Kent, Stephen M},
  journal={Astrophysics and Space Science},
  volume={217},
  pages={27--30},
  year={1994},
  publisher={Springer}
}
